@INPROCEEDINGS{milch2004blog,
    author = {Brian Milch and Bhaskara Marthi and Stuart Russell},
    title = {{BLOG}: Relational modeling with unknown objects},
    booktitle = {ICML 2004 Workshop on Statistical Relational Learning and Its Connections},
    year = {2004},
    url = {http://www.cs.berkeley.edu/~russell/papers/srl04-blog.pdf},
    pages = {67--73}
}

@inproceedings{milch2005blog,
 title = {{BLOG}: probabilistic models with unknown objects},
 author = {Brian Milch and Bhaskara Marthi and Stuart Russell and David Sontag and Daniel L. Ong and Andrey Kolobov},
 booktitle = {IJCAI'05: Proceedings of the 19th international joint conference on Artificial intelligence},
 year = {2005},
 pages = {1352--1359},
 location = {Edinburgh, Scotland},
 publisher = {Morgan Kaufmann Publishers Inc.},
 address = {San Francisco, CA, USA},
 url = {http://www.cs.berkeley.edu/~russell/papers/ijcai05-blog.pdf}
}

@phdthesis{milch2006probabilistic,
 title = {Probabilistic Models with Unknown Objects},
 author = {Brian Milch},
 school = {Computer Science Division, University of California, Berkeley},
 year = {2006},
 url = {https://sites.google.com/site/bmilch/papers/milch_thesis.pdf}
}

